%Hellrung:2009:GFM:1597990.1597997
%url = {http://doi.acm.org/10.1145/1597990.1597997},
%doi = {10.1145/1597990.1597997},
%acmid = {1597997},
@inproceedings{Hellrung09,
 author = {Hellrung, Jeffrey and Selle, Andrew and Shek, Arthur and Sifakis, Eftychios and Teran, Joseph},
 title = {Geometric fracture modeling in Bolt},
 booktitle = {SIGGRAPH 2009: Talks},
 series = {SIGGRAPH '09},
 year = {2009},
 isbn = {978-1-60558-834-6},
 location = {New Orleans, Louisiana},
 pages = {7:1--7:1},
 articleno = {7},
 numpages = {1},
 publisher = {ACM},
 address = {New York, NY, USA},
}
