%Sifakis:2007:HSD:1272690.1272702
%url = {http://dl.acm.org/citation.cfm?id=1272690.1272702},
%acmid = {1272702},
@inproceedings{Sifakis07b,
 author = {Sifakis, Eftychios and Shinar, Tamar and Irving, Geoffrey and Fedkiw, Ronald},
 title = {Hybrid simulation of deformable solids},
 booktitle = {Proceedings of the 2007 ACM SIGGRAPH/Eurographics symposium on Computer animation},
 series = {SCA '07},
 year = {2007},
 isbn = {978-1-59593-624-0},
 location = {San Diego, California},
 pages = {81--90},
 numpages = {10},
 publisher = {Eurographics Association},
 address = {Aire-la-Ville, Switzerland, Switzerland},
}
