%Chern:2007:CIM:1280287.1280393
%url = {http://portal.acm.org/citation.cfm?id=1280287.1280393},
%doi = {10.1016/j.jcp.2007.03.012},
%acmid = {1280393},
@article{Chern07,
 author = {Chern, I-Liang and Shu, Yu-Chen},
 title = {A coupling interface method for elliptic interface problems},
 journal = {J. Comput. Phys.},
 volume = {225},
 issue = {2},
 month = {August},
 year = {2007},
 issn = {0021-9991},
 pages = {2138--2174},
 numpages = {37},
 publisher = {Academic Press Professional, Inc.},
 address = {San Diego, CA, USA},
 keywords = {65F30, Algebraic multigrid method, Cartesian grid, Coupling interface method, Discontinuous coefficients, Elliptic interface problems, Immersed interface method, Singular sources},
}
