%doi = {10.1002/nme.2312},
@article{Lew.Adrian08,
 author = {Adri\'{a}n J. Lew and Gustavo C. Buscaglia},
 title = {A discontinuous-{G}alerkin-based immersed boundary method},
 journal = {Int. J. Numer. Meth. Engng},
 volume = {76},
 issue = {4},
 month = {October},
 year = {2008},
 pages = {427--454},
 numpages = {28},
}

%doi = {10.1002/cnm.1132},
@article{Guyomarch09,
 author = {Gr\'{e}gory Guyomarc'h and Chang-Ock Lee and Kiwan Jeon},
 title = {A discontinuous {G}alerkin method for elliptic interface problems with application to electroporation},
 journal = {Commun. Numer. Meth. Engng},
 month = {October},
 year = {2009},
 volume = {25},
 issue = {10},
 pages = {991--1008},
 numpages = {18},
}
