%Harlow_Welch_1965
%url={http://www.cs.rpi.edu/~cutler/classes/advancedgraphics/S09/papers/harlow_welch.pdf},
@article{Harlow65,
 title={Numerical calculation of time-dependent viscous incompressible flow of fluid with free surface},
 volume={8},
 number={12},
 journal={Physics of Fluids},
 author={Harlow, F. H. and Welch, J. E.},
 year={1965},
 pages={2182--2189}
}

%Peskin1972252
%url = "http://www.sciencedirect.com/science/article/pii/0021999172900654",
@article{Peskin72,
title = "Flow patterns around heart valves: A numerical method",
journal = "Journal of Computational Physics",
volume = "10",
number = "2",
pages = "252 - 271",
year = "1972",
note = "",
issn = "0021-9991",
doi = "10.1016/0021-9991(72)90065-4",
author = "Charles S. Peskin"
}
