%Barton:2010:EMM:1808372.1808872
%url = {http://dx.doi.org/10.1016/j.jcp.2010.04.012},
%doi = {10.1016/j.jcp.2010.04.012},
%acmid = {1808872},
@article{Barton10,
 author = {Barton, Philip T. and Drikakis, Dimitris},
 title = {An {E}ulerian method for multi-component problems in non-linear elasticity with sliding interfaces},
 journal = {J. Comput. Phys.},
 issue_date = {August, 2010},
 volume = {229},
 number = {15},
 month = aug,
 year = {2010},
 issn = {0021-9991},
 pages = {5518--5540},
 numpages = {23},
 publisher = {Academic Press Professional, Inc.},
 address = {San Diego, CA, USA},
 keywords = {Ghost fluid method, Level-set method, Non-linear elasticity, Riemann problem, Solid mechanics, WENO},
}

%Hill:2010:EHW:1869139.1869282
%url = {http://dx.doi.org/10.1016/j.jcp.2010.08.020},
%doi = {10.1016/j.jcp.2010.08.020},
%acmid = {1869282},
@article{Hill10,
 author = {Hill, D. J. and Pullin, D. and Ortiz, M. and Meiron, D.},
 title = {An {E}ulerian hybrid {WENO} centered-difference solver for elastic-plastic solids},
 journal = {J. Comput. Phys.},
 issue_date = {December, 2010},
 volume = {229},
 number = {24},
 month = dec,
 year = {2010},
 issn = {0021-9991},
 pages = {9053--9072},
 numpages = {20},
 publisher = {Academic Press Professional, Inc.},
 address = {San Diego, CA, USA},
 keywords = {Eulerian, Finite-difference, Hyper-elasticity, Plasticity, WENO},
}
