%Min:2006:SFD:1217551.1217558,
%url = {http://portal.acm.org/citation.cfm?id=1217551.1217558},
%doi = {10.1016/j.jcp.2006.01.046},
%acmid = {1217558},
@article{Min.Chohong06,
 author = {Min, Chohong and Gibou, Fr\'{e}d\'{e}ric and Ceniceros, Hector D.},
 title = {A supra-convergent finite difference scheme for the variable coefficient poisson equation on non-graded grids},
 journal = {J. Comput. Phys.},
 volume = {218},
 issue = {1},
 month = {October},
 year = {2006},
 issn = {0021-9991},
 pages = {123--140},
 numpages = {18},
 publisher = {Academic Press Professional, Inc.},
 address = {San Diego, CA, USA},
}

%Chen:2009:AII:1552584.1553079,
%url = {http://portal.acm.org/citation.cfm?id=1552584.1553079},
%doi = {10.1016/j.jcp.2009.03.044},
%acmid = {1553079},
@article{Chen09,
 author = {Chen, Zhiming and Xiao, Yuanming and Zhang, Linbo},
 title = {The adaptive immersed interface finite element method for elliptic and {M}axwell interface problems},
 journal = {J. Comput. Phys.},
 volume = {228},
 issue = {14},
 month = {August},
 year = {2009},
 issn = {0021-9991},
 pages = {5000--5019},
 numpages = {20},
 publisher = {Academic Press Professional, Inc.},
 address = {San Diego, CA, USA},
 keywords = {Adaptive finite element method, Elliptic equation, Interface problems, Maxwell's equations, Non-body-fitted meshes},
}
