%springerlink:10.1007/BF02248021,
%url = {http://dx.doi.org/10.1007/BF02248021},
%note = {10.1007/BF02248021},
@article {Babuska70,
   author = {Babu\v{s}ka, Ivo},
   affiliation = {University of Maryland The Institute for Fluid Dynamics and Applied Mathematics College Park Maryland U.S.A. College Park Maryland U.S.A.},
   title = {The finite element method for elliptic equations with discontinuous coefficients},
   journal = {Computing},
   publisher = {Springer Wien},
   issn = {0010-485X},
   keyword = {Computer Science},
   pages = {207-213},
   volume = {5},
   issue = {3},
   year = {1970}
}

%springerlink:10.1007/BF02127700,
%url = {http://dx.doi.org/10.1007/BF02127700},
%note = {10.1007/BF02127700},
@article {Bramble96,
   author = {Bramble, James and King, J.},
   title = {A finite element method for interface problems in domains with smooth boundaries and interfaces},
   journal = {Advances in Computational Mathematics},
   publisher = {Springer U.S.},
   issn = {1019-7168},
   keyword = {Computer Science},
   pages = {109-138},
   volume = {6},
   issue = {1},
   year = {1996}
}

%Chen96finiteelement,
%doi = {10.1.1.54.7270},
@ARTICLE{Chen96,
    author = {Zhiming Chen and Jun Zou},
    title = {Finite element methods and their convergence for elliptic and parabolic interface problems},
    journal = {Numer. Math},
    year = {1996},
    volume = {79},
    pages = {175--202}
}

@article{Cockburn09,
 author = {Bernardo Cockburn and Jayadeep Gopalakrishnan and Raytcho Lazarov},
 title = {Unified hybridization of discontinuous {G}alerkin, mixed, and conforming {G}alerkin methods for second order elliptic problems},
 journal = {SIAM J. Numer. Anal.},
 volume = {47},
 issue = {2},
 month = {February},
 year = {2009},
 pages = {1319--1365},
 numpages = {47},
}
