%springerlink:10.1007/BF01436561,
%url = {http://dx.doi.org/10.1007/BF01436561},
%note = {10.1007/BF01436561},
@article {Babuska73,
   author = {Babu\v{s}ka, Ivo},
   affiliation = {Institut for Fluid Dynamic and Applied Mathematics University of Maryland 20742 College Park U.S.A.},
   title = {The finite element method with {L}agrangian multipliers},
   journal = {Numerische Mathematik},
   publisher = {Springer Berlin / Heidelberg},
   issn = {0029-599X},
   keyword = {Mathematics and Statistics},
   pages = {179-192},
   volume = {20},
   issue = {3},
   year = {1973}
}

%springerlink:10.1007/BF01398644,
%url = {http://dx.doi.org/10.1007/BF01398644},
%note = {10.1007/BF01398644},
@article {Pitkaranta79,
   author = {Pitk\"{a}ranta, Juhani},
   affiliation = {Institute of Mathematics Helsinki University of Technology SF-02150 Espoo 15 Finland},
   title = {Boundary subspaces for the finite element method with {L}agrange multipliers},
   journal = {Numerische Mathematik},
   publisher = {Springer Berlin / Heidelberg},
   issn = {0029-599X},
   keyword = {Mathematics and Statistics},
   pages = {273-289},
   volume = {33},
   issue = {3},
   year = {1979}
}

%Chapelle1993537,
%doi = "DOI: 10.1016/0045-7949(93)90340-J",
%url = "http://www.sciencedirect.com/science/article/B6V28-47XNK0P-8R/2/83b61488bd126f3c57be0d71fcaf8ceb",
@article{Chapelle93,
title = "The inf-sup test",
journal = "Computers \& Structures",
volume = "47",
number = "4-5",
pages = "537 - 545",
year = "1993",
note = "",
issn = "0045-7949",
author = "D. Chapelle and K.J. Bathe"
}
