%Brezzi:1991:MHF:108342
@book{Brezzi91,
 author = {Brezzi, Franco and Fortin, Michel},
 title = {Mixed and hybrid finite element methods},
 year = {1991},
 isbn = {0-387-97582-9},
 publisher = {Springer-Verlag New York, Inc.},
 address = {New York, NY, USA},
}

%Han:1998:NMF:276465.276472
%url = {http://dx.doi.org/10.1137/S0036142996300385},
%doi = {10.1137/S0036142996300385},
%acmid = {276472},
@article{Han.Houde98,
 author = {Han, Houde and Wu, Xiaonan},
 title = {A New Mixed Finite Element Formulation  and the MAC Method for the Stokes Equations},
 journal = {SIAM J. Numer. Anal.},
 issue_date = {April 1998},
 volume = {35},
 number = {2},
 month = apr,
 year = {1998},
 issn = {0036-1429},
 pages = {560--571},
 numpages = {12},
 publisher = {Society for Industrial and Applied Mathematics},
 address = {Philadelphia, PA, USA},
 keywords = {MAC scheme, Stokes equations, mixed finite element method},
}
