%Young:1990:LRR:105045.105046,
%url = {http://portal.acm.org/citation.cfm?id=105045.105046},
%doi = {10.1016/0021-9991(91)90291-R},
%acmid = {105046},
@article{Young.DavidP.90,
 author = {Young, David P. and Melvin, Robin G. and Bieterman, Michael B. and Johnson, Forrester T. and Samant, Satish S. and Bussoletti, John E.},
 title = {A locally refined rectangular grid finite element method: application to computational fluid dynamics and computational physics},
 journal = {J. Comput. Phys.},
 volume = {92},
 issue = {1},
 month = {December},
 year = {1990},
 issn = {0021-9991},
 pages = {1--66},
 numpages = {66},
 publisher = {Academic Press Professional, Inc.},
 address = {San Diego, CA, USA},
}

%doi = {10.1016/S0045-7825(02)00524-8},
@article{Hansbo02,
 author = {Anita Hansbo and Peter Hansbo},
 title = {An unfitted finite element method, based on {N}itsche's method, for elliptic interface problems},
 journal = {Comput. Methods Appl. Mech. Engrg.},
 month = {November},
 year = {2002},
 volume = {191},
 issue = {47--48},
 pages = {5537--5552},
 numpages = {16},
}

%Li03newcartesian,
%doi = {10.1.1.45.5260},
@ARTICLE{Li.Zhilin03,
    author = {Zhilin Li and Tao Lin and Xiaohui Wu},
    title = {New {C}artesian grid methods for interface problems using the finite element formulation},
    journal = {NUMERISCHE MATHEMATIK},
    year = {2003},
    volume = {96},
    number = {1},
    pages = {61--98}
}

%doi = {10.1016/j.cma.2003.12.041},
@article{Hansbo04,
 author = {Anita Hansbo and Peter Hansbo},
 title = {A finite element method for the simulation of strong and weak discontinuities in solid mechanics},
 journal = {Comput. Methods Appl. Mech. Engrg.},
 month = {August},
 year = {2004},
 volume = {193},
 issue = {33--35},
 pages = {3523--3540},
 numpages = {18},
}

%doi = {10.1002/nme.1652},
@article{Song06,
 author = {Jeong-Hoon Song and Pedro M. A. Areias and Ted Belytschko},
 title = {A method for dynamic crack and shear band propagation with phantom nodes},
 journal = {Int. J. Numer. Meth. Engng},
 month = {August},
 year = {2006},
 volume = {67},
 issue = {6},
 pages = {868--893},
 numpages = {26},
}

%doi = {10.1002/nme.1788},
@article{Mourad07,
 author = {Hashem M. Mourad and John Dolbow and Isaac Harari},
 title = {A bubble-stabilized finite element method for {D}irichlet constraints on embedded interfaces},
 journal = {Int. J. Numer. Meth. Engng},
 volume = {69},
 issue = {4},
 month = {January},
 year = {2007},
 pages = {772--793},
 numpages = {22},
}

%doi = {10.1016/j.cma.2008.02.033},
@article{Dolbow08,
 author = {Dolbow, J.E. and Franca, L.P.},
 title = {Residual-free bubbles for embedded {D}irichlet problems},
 journal = {Comput. Methods Appl. Mech. Engrg.},
 volume = {197},
 issue = {45--48},
 month = {August},
 year = {2008},
 pages = {3751--3759},
 numpages = {9},
}

%doi = {10.1002/nme.2216},
@article{Kumar08,
 author = {Ashok V. Kumar and Sanjeev Padmanabhan and Ravi Burla},
 title = {Implicit boundary method for finite element analysis using non-conforming mesh or grid},
 journal = {Int. J. Numer. Meth. Engng},
 month = {May},
 year = {2008},
 volume = {74},
 issue = {9},
 pages = {1421--1447},
 numpages = {27},
}

%doi = {10.1002/nme.2486},
@article{Dolbow09,
 author = {John Dolbow and Isaac Harari},
 title = {An efficient finite element method for embedded interface problems},
 journal = {Int. J. Numer. Meth. Engng},
 volume = {78},
 issue = {2},
 month = {April},
 year = {2009},
 pages = {229--252},
 numpages = {34},
}


%Bedrossian20106405
%doi = "DOI: 10.1016/j.jcp.2010.05.002",
%url = "http://www.sciencedirect.com/science/article/B6WHY-5051PTF-1/2/9bd6183f878996bc9168e85dc86af1f1",
@article{Bedrossian10,
title = "A second order virtual node method for elliptic problems with interfaces and irregular domains",
journal = "Journal of Computational Physics",
volume = "229",
number = "18",
pages = "6405 - 6426",
year = "2010",
note = "",
issn = "0021-9991",
author = "Jacob Bedrossian and James H. von Brecht and Siwei Zhu and Eftychios Sifakis and Joseph M. Teran",
keywords = "Elliptic interface problems",
keywords = "Embedded interface methods",
keywords = "Virtual node methods",
keywords = "Variational methods"
}

%springerlink:10.1007/s00466-009-0457-5,
%url = {http://dx.doi.org/10.1007/s00466-009-0457-5},
%note = {10.1007/s00466-009-0457-5},
@article {Harari10,
author = {Harari, Isaac and Dolbow, John},
affiliation = {Tel Aviv University Faculty of Engineering 69978 Ramat Aviv Israel},
title = {Analysis of an efficient finite element method for embedded interface problems},
journal = {Computational Mechanics},
publisher = {Springer Berlin / Heidelberg},
issn = {0178-7675},
keyword = {Computer Science},
pages = {205-211},
volume = {46},
issue = {1},
year = {2010}
}

%kwak:2117,
%url = {http://link.aip.org/link/?SNA/48/2117/1},
%doi = {10.1137/080728056},
@article{Kwak10,
author = {Do Y. Kwak and Kye T. Wee and Kwang S. Chang},
collaboration = {},
title = {An Analysis of a Broken $P_1$-Nonconforming Finite Element Method for Interface Problems},
publisher = {SIAM},
year = {2010},
journal = {SIAM Journal on Numerical Analysis},
volume = {48},
number = {6},
pages = {2117-2134},
keywords = {immersed finite element method; $P_1$-nonconforming finite element method; uniform grid; mixed finite volume method; average degrees of freedom},
}

%Wu:arXiv1007.2893,
@article {Wu.Haijun10,
author="Haijun Wu and Yuanming Xiao",
title="An unfitted $hp$-interface penalty finite element method for elliptic interface problems",
year="2010",
eprint="arXiv/1007.2893",
doi=""
}

@article{Richardson11,
 author = {Casey L. Richardson and Jan Hegemann and Eftychios Sifakis and Jeffrey Hellrung and Joseph M. Teran},
 title = {An {XFEM} method for modeling geometrically elaborate crack propagation in brittle materials},
 journal = {Int. J. Numer. Meth. Engng},
 month = {December},
 year = {2011},
 volume = {88},
 issue = {10},
 pages = {1042--1065},
 numpages = {24},
}

%Hellrung:2012:SOV:2088552.2088809
%url = {http://dx.doi.org/10.1016/j.jcp.2011.11.023},
%doi = {10.1016/j.jcp.2011.11.023},
%acmid = {2088809},
@article{Hellrung12,
 author = {Hellrung,Jr., Jeffrey Lee and Wang, Luming and Sifakis, Eftychios and Teran, Joseph M.},
 title = {A second order virtual node method for elliptic problems with interfaces and irregular domains in three dimensions},
 journal = {J. Comput. Phys.},
 issue_date = {February, 2012},
 volume = {231},
 number = {4},
 month = feb,
 year = {2012},
 issn = {0021-9991},
 pages = {2015--2048},
 numpages = {34},
 publisher = {Academic Press Professional, Inc.},
 address = {San Diego, CA, USA},
 keywords = {Elliptic interface problems, Embedded interface methods, Multigrid methods, Variational methods, Virtual node methods},
}
