%anderson2005fracture
%url={http://books.google.com/books?id=aBEUjCPMwyAC},
@book{Anderson05,
title={Fracture Mechanics: Fundamentals and Applications},
author={Anderson, T.L.},
isbn={9780849316562},
lccn={2004062881},
year={2005},
publisher={Taylor \& Francis}
}
