%Johansen:1998:CGE:305467.305470,
%url = {http://portal.acm.org/citation.cfm?id=305467.305470},
%doi = {10.1006/jcph.1998.5965},
%acmid = {305470},
@article{Johansen98,
 author = {Johansen, Hans and Colella, Phillip},
 title = {A {C}artesian grid embedded boundary method for {P}oisson's equation on irregular domains},
 journal = {J. Comput. Phys.},
 volume = {147},
 issue = {1},
 month = {November},
 year = {1998},
 issn = {0021-9991},
 pages = {60--85},
 numpages = {26},
 publisher = {Academic Press Professional, Inc.},
 address = {San Diego, CA, USA},
}

%Bijelonja20066378
%doi = "10.1016/j.cma.2006.01.005",
%url = "http://www.sciencedirect.com/science/article/pii/S0045782506000387",
@article{Bijelonja06,
title = "A finite volume method for incompressible linear elasticity",
journal = "Computer Methods in Applied Mechanics and Engineering",
volume = "195",
number = "44–47",
pages = "6378 - 6390",
year = "2006",
note = "",
issn = "0045-7825",
author = "I. Bijelonja and I. Demirdžic and S. Muzaferija",
keywords = "Finite volume method",
keywords = "Incompressible body",
keywords = "Elasticity"
}

%Oevermann:2006:CGF:1219166.1219368,
%url = {http://portal.acm.org/citation.cfm?id=1219166.1219368},
%doi = {10.1016/j.jcp.2006.04.010},
%acmid = {1219368},
@article{Oevermann06,
 author = {Oevermann, M. and Klein, R.},
 title = {A {C}artesian grid finite volume method for elliptic equations with variable coefficients and embedded interfaces},
 journal = {J. Comput. Phys.},
 volume = {219},
 issue = {2},
 month = {December},
 year = {2006},
 issn = {0021-9991},
 pages = {749--769},
 numpages = {21},
 publisher = {Academic Press Professional, Inc.},
 address = {San Diego, CA, USA},
 keywords = {35J25, 65N12, 65N30, Discontinuous solution, Elliptic equations, Embedded interface, Finite volume methods, Variable and discontinuous coefficients},
}

%Schwartz:2006:CGE:1141734.1141742,
%url = {http://dx.doi.org/10.1016/j.jcp.2005.06.010},
%doi = {http://dx.doi.org/10.1016/j.jcp.2005.06.010},
%acmid = {1141742},
@article{Schwartz06,
 author = {Schwartz, Peter and Barad, Michael and Colella, Phillip and Ligocki, Terry},
 title = {A {C}artesian grid embedded boundary method for the heat equation and {P}oisson's equation in three dimensions},
 journal = {J. Comput. Phys.},
 volume = {211},
 issue = {2},
 month = {January},
 year = {2006},
 issn = {0021-9991},
 pages = {531--550},
 numpages = {20},
 publisher = {Academic Press Professional, Inc.},
 address = {San Diego, CA, USA},
 keywords = {02.60.Lj, 02.70.Bf, 41.05.+e, 41.20.Cv, Heat equation, Multigrid methods, Poisson equation},
}

%BeiraodaVeiga:2009:MFD:1595071.1595206
%url = {http://dx.doi.org/10.1016/j.jcp.2009.06.034},
%doi = {10.1016/j.jcp.2009.06.034},
%acmid = {1595206},
@article{BeiraodaVeiga09,
 author = {Beir\~{a}o da Veiga, L. and Gyrya, V. and Lipnikov, K. and Manzini, G.},
 title = {Mimetic finite difference method for the {S}tokes problem on polygonal meshes},
 journal = {J. Comput. Phys.},
 issue_date = {October, 2009},
 volume = {228},
 number = {19},
 month = oct,
 year = {2009},
 issn = {0021-9991},
 pages = {7215--7232},
 numpages = {18},
 publisher = {Academic Press Professional, Inc.},
 address = {San Diego, CA, USA},
 keywords = {Incompressible Stokes equations, Mimetic discretization, Polygonal mesh},
}

%Oevermann:2009:SIF:1552584.1553097,
%url = {http://portal.acm.org/citation.cfm?id=1552584.1553097},
%doi = {10.1016/j.jcp.2009.04.018},
%acmid = {1553097},
@article{Oevermann09,
 author = {Oevermann, M. and Scharfenberg, C. and Klein, R.},
 title = {A sharp interface finite volume method for elliptic equations on {C}artesian grids},
 journal = {J. Comput. Phys.},
 volume = {228},
 issue = {14},
 month = {August},
 year = {2009},
 issn = {0021-9991},
 pages = {5184--5206},
 numpages = {23},
 publisher = {Academic Press Professional, Inc.},
 address = {San Diego, CA, USA},
 keywords = {35J25, 65N12, 65N30, Discontinuous solution, Elliptic equations, Embedded interface, Finite volume methods, Variable and discontinuous coefficients},
}

@article{Crockett10,
 author = {R. K. Crockett and P. Colella and D. T. Graves},
 title = {A {C}artesian grid embedded boundary method for solving the {P}oisson and heat equations with discontinuous coefficients in three dimensions},
 month = {June},
 year = {2010},
 publisher = {Lawrence Berkeley National Laboratory},
 note = {LBNL Paper LBNL-2929E},
 keywords = {heat equation, jump conditions, discontinuous coefficient, irregular domain, finite volume methods, multigrid methods, nuclear reactor core simulation},
}
