%Liu:2000:BCC:346416.346432
%url = {http://portal.acm.org/citation.cfm?id=346416.346432},
%doi = {10.1006/jcph.2000.6444},
%acmid = {346432},
@article{Liu.Xu-Dong00,
 author = {Liu, Xu-Dong and Fedkiw, Ronald P. and Kang, Myungjoo},
 title = {A boundary condition capturing method for {P}oisson's equation on irregular domains},
 journal = {J. Comput. Phys.},
 volume = {160},
 issue = {1},
 month = {May},
 year = {2000},
 issn = {0021-9991},
 pages = {151--178},
 numpages = {28},
 publisher = {Academic Press Professional, Inc.},
 address = {San Diego, CA, USA},
}

%Gibou:2002:SSD:584765.584775
%url = {http://portal.acm.org/citation.cfm?id=584765.584775},
%doi = {10.1006/jcph.2001.6977},
%acmid = {584775},
@article{Gibou02,
 author = {Gibou, Frederic and Fedkiw, Ronald P. and Cheng, Li-Tien and Kang, Myungjoo},
 title = {A second-order-accurate symmetric discretization of the {P}oisson equation on irregular domains},
 journal = {J. Comput. Phys.},
 volume = {176},
 issue = {1},
 month = {February},
 year = {2002},
 issn = {0021-9991},
 pages = {205--227},
 numpages = {23},
 publisher = {Academic Press Professional, Inc.},
 address = {San Diego, CA, USA},
}

%Liu:2003:CGF:950414.950423
%url = {http://portal.acm.org/citation.cfm?id=950414.950423},
%doi = {10.1090/S0025-5718-03-01525-4},
%acmid = {950423},
@article{Liu.Xu-Dong03,
 author = {Liu, Xu-Dong and Sideris, Thomas C.},
 title = {Convergence of the ghost fluid method for elliptic equations with interfaces},
 journal = {Math. Comput.},
 volume = {72},
 issue = {244},
 month = {October},
 year = {2003},
 issn = {0025-5718},
 pages = {1731--1746},
 numpages = {16},
 publisher = {American Mathematical Society},
 address = {Boston, MA, USA},
}

%Gibou:2005:FOA:1065563.1065571
%url = {http://dx.doi.org/10.1016/j.jcp.2004.07.018},
%doi = {http://dx.doi.org/10.1016/j.jcp.2004.07.018},
%acmid = {1065571},
@article{Gibou05,
 author = {Gibou, Fr\'{e}d\'{e}ric and Fedkiw, Ronald},
 title = {A fourth order accurate discretization for the {L}aplace and heat equations on arbitrary domains, with applications to the {S}tefan problem},
 journal = {J. Comput. Phys.},
 volume = {202},
 issue = {2},
 month = {January},
 year = {2005},
 issn = {0021-9991},
 pages = {577--601},
 numpages = {25},
 publisher = {Academic Press Professional, Inc.},
 address = {San Diego, CA, USA},
}

%Hou:2005:NMS:1065563.1065565
%url = {http://dx.doi.org/10.1016/j.jcp.2004.07.016},
%doi = {http://dx.doi.org/10.1016/j.jcp.2004.07.016},
%acmid = {1065565},
@article{Hou.Songming05,
 author = {Hou, Songming and Liu, Xu-Dong},
 title = {A numerical method for solving variable coefficient elliptic equation with interfaces},
 journal = {J. Comput. Phys.},
 volume = {202},
 issue = {2},
 month = {January},
 year = {2005},
 issn = {0021-9991},
 pages = {411--445},
 numpages = {35},
 publisher = {Academic Press Professional, Inc.},
 address = {San Diego, CA, USA},
 keywords = {35J25, 65N30, Elliptic equation, Jump conditions, Non-smooth interface, Weak formulation},
}

%Jomaa:2005:EFD:1065563.1065568
%url = {http://dx.doi.org/10.1016/j.jcp.2004.07.011},
%doi = {http://dx.doi.org/10.1016/j.jcp.2004.07.011},
%acmid = {1065568},
@article{Jomaa05,
 author = {Jomaa, Z. and Macaskill, C.},
 title = {The embedded finite difference method for the {P}oisson equation in a domain with an irregular boundary and {D}irichlet boundary conditions},
 journal = {J. Comput. Phys.},
 volume = {202},
 issue = {2},
 month = {January},
 year = {2005},
 issn = {0021-9991},
 pages = {488--506},
 numpages = {19},
 publisher = {Academic Press Professional, Inc.},
 address = {San Diego, CA, USA},
}

%Ng:2009:EFC:1630172.1630393
%url = {http://portal.acm.org/citation.cfm?id=1630172.1630393},
%doi = {10.1016/j.jcp.2009.08.032},
%acmid = {1630393},
@article{Ng.YenTing09,
 author = {Ng, Yen Ting and Min, Chohong and Gibou, Fr\'{e}d\'{e}ric},
 title = {An efficient fluid-solid coupling algorithm for single-phase flows},
 journal = {J. Comput. Phys.},
 volume = {228},
 issue = {23},
 month = {December},
 year = {2009},
 issn = {0021-9991},
 pages = {8807--8829},
 numpages = {23},
 publisher = {Academic Press Professional, Inc.},
 address = {San Diego, CA, USA},
 keywords = {Hodge decomposition, Irregular domain, Navier-Stokes equations, Solid-fluid interaction},
}

%Hou:2010:NMS:1838773.1839074,
%url = {http://dx.doi.org/10.1016/j.jcp.2010.06.005},
%doi = {http://dx.doi.org/10.1016/j.jcp.2010.06.005},
%acmid = {1839074},
@article{Hou.Songming10,
 author = {Hou, Songming and Wang, Wei and Wang, Liqun},
 title = {Numerical method for solving matrix coefficient elliptic equation with sharp-edged interfaces},
 journal = {J. Comput. Phys.},
 volume = {229},
 issue = {19},
 month = {September},
 year = {2010},
 issn = {0021-9991},
 pages = {7162--7179},
 numpages = {18},
 publisher = {Academic Press Professional, Inc.},
 address = {San Diego, CA, USA},
 keywords = {Elliptic equation, Jump condition, Matrix coefficient, Sharp-edged interface},
}

%Papac:2010:ESD:1660159.1660322
%url = {http://dx.doi.org/10.1016/j.jcp.2009.10.017},
%doi = {http://dx.doi.org/10.1016/j.jcp.2009.10.017},
%acmid = {1660322},
@article{Papac10,
 author = {Papac, Joseph and Gibou, Fr\'{e}d\'{e}ric and Ratsch, Christian},
 title = {Efficient symmetric discretization for the {P}oisson, heat and {S}tefan-type problems with {R}obin boundary conditions},
 journal = {J. Comput. Phys.},
 volume = {229},
 issue = {3},
 month = {February},
 year = {2010},
 issn = {0021-9991},
 pages = {875--889},
 numpages = {15},
 publisher = {Academic Press Professional, Inc.},
 address = {San Diego, CA, USA},
 keywords = {Diffusion, Irregular domains, Level set method, Poisson, Robin boundary condition, Stefan},
}
