%Leveque:1994:IIM:190489.190493
%url = {http://dx.doi.org/10.1137/0731054},
%doi = {http://dx.doi.org/10.1137/0731054},
%acmid = {190493},
@article{Leveque94,
 author = {Leveque, Randall J. and Li, Zhilin},
 title = {The immersed interface method for elliptic equations with discontinuous coefficients and singular sources},
 journal = {SIAM J. Numer. Anal.},
 volume = {31},
 issue = {4},
 month = {August},
 year = {1994},
 issn = {0036-1429},
 pages = {1019--1044},
 numpages = {26},
 publisher = {Society for Industrial and Applied Mathematics},
 address = {Philadelphia, PA, USA},
 keywords = {delta functions, discontinuous coefficients, elliptic equation, finite difference methods, interface, irregular domain, singular source term},
}

%LeVeque:1997:IIM:253583.253587
%url = {http://portal.acm.org/citation.cfm?id=253583.253587},
%doi = {10.1137/S1064827595282532},
%acmid = {253587},
@article{Leveque97,
 author = {LeVeque, Randall J. and Li, Zhilin},
 title = {Immersed interface methods for stokes flow with elastic boundaries or surface tension},
 journal = {SIAM J. Sci. Comput.},
 volume = {18},
 issue = {3},
 month = {May},
 year = {1997},
 issn = {1064-8275},
 pages = {709--735},
 numpages = {27},
 publisher = {Society for Industrial and Applied Mathematics},
 address = {Philadelphia, PA, USA},
 keywords = {Cartesian grids, Stokes flow, bubbles, creeping flow, discontinuous coefficients, immersed interface methods, interface tracking},
}

%Li:1998:FIA:275914.275958
%url = {http://portal.acm.org/citation.cfm?id=275914.275958},
%doi = {10.1137/S0036142995291329},
%acmid = {275958},
@article{Li.Zhilin98a,
 author = {Li, Zhilin},
 title = {A fast iterative algorithm for elliptic interface problems},
 journal = {SIAM J. Numer. Anal.},
 volume = {35},
 issue = {1},
 month = {February},
 year = {1998},
 issn = {0036-1429},
 pages = {230--254},
 numpages = {25},
 publisher = {Society for Industrial and Applied Mathematics},
 address = {Philadelphia, PA, USA},
 keywords = {Cartesian grid, GMRES method, Schur complement, discontinuous coefficients, elliptic equation, immersed interface method, preconditioning},
}

%Li:1998:IIM:284714.284720,
%url = {http://portal.acm.org/citation.cfm?id=284714.284720},
%doi = {10.1016/S0168-9274(98)00015-4},
%acmid = {284720},
@article{Li.Zhilin98b,
 author = {Li, Zhilin},
 title = {The immersed interface method using a finite element formulation},
 journal = {Appl. Numer. Math.},
 volume = {27},
 issue = {3},
 month = {July},
 year = {1998},
 issn = {0168-9274},
 pages = {253--267},
 numpages = {15},
 publisher = {Elsevier Science Publishers B. V.},
 address = {Amsterdam, The Netherlands, The Netherlands},
 keywords = {error analysis, finite element method, immersed interface method, modified basis function, natural jump condition},
}

%Wiegmann:2000:EII:343559.343567
%url = {http://portal.acm.org/citation.cfm?id=343559.343567},
%doi = {10.1137/S0036142997328664},
%acmid = {343567},
@article{Weigmann00,
 author = {Wiegmann, Andreas and Bube, Kenneth P.},
 title = {The explicit-jump immersed interface method: finite difference methods for pdes with piecewise smooth solutions},
 journal = {SIAM J. Numer. Anal.},
 volume = {37},
 issue = {3},
 month = {February},
 year = {2000},
 issn = {0036-1429},
 pages = {827--862},
 numpages = {36},
 publisher = {Society for Industrial and Applied Mathematics},
 address = {Philadelphia, PA, USA},
 keywords = {Cartesian grid, discontinuous coefficients, elliptic boundary value problems, finite difference methods, immersed interface method, interface, irregular domain, nonsmooth solutions, singular source},
}

%Li:2001:MPP:587154.587233
%url = {http://portal.acm.org/citation.cfm?id=587154.587233},
%doi = {10.1137/S1064827500370160},
%acmid = {587233},
@article{Li.Zhilin01a,
 author = {Li, Zhilin and Ito, Kazufumi},
 title = {Maximum principle preserving schemes for interface problems with discontinuous coefficients},
 journal = {SIAM J. Sci. Comput.},
 volume = {23},
 issue = {1},
 month = {January},
 year = {2001},
 issn = {1064-8275},
 pages = {339--361},
 numpages = {23},
 publisher = {Society for Industrial and Applied Mathematics},
 address = {Philadelphia, PA, USA},
 keywords = {discontinuous coefficients, discrete maximum principle, elliptic interface problems, finite difference methods, multigrid methods, quadratic optimization, singular source term},
}

%Li:2001:IIM:509294.509310
%url = {http://portal.acm.org/citation.cfm?id=509294.509310},
%doi = {10.1006/jcph.2001.6813},
%acmid = {509310},
@article{Li.Zhilin01b,
 author = {Li, Zhilin and Lai, Ming-Chih},
 title = {The immersed interface method for the {N}avier-{S}tokes equations with singular forces},
 journal = {J. Comput. Phys.},
 volume = {171},
 issue = {2},
 month = {August},
 year = {2001},
 issn = {0021-9991},
 pages = {822--842},
 numpages = {21},
 publisher = {Academic Press Professional, Inc.},
 address = {San Diego, CA, USA},
 keywords = {Navier-Stokes equations, discontinuous and nonsmooth solution, immersed boundary method, immersed interface method, interface, level set method, projection method},
}

%Adams:2002:IIM:587159.587324,
%url = {http://dx.doi.org/10.1137/S1064827501389849},
%doi = {http://dx.doi.org/10.1137/S1064827501389849},
%acmid = {587324},
@article{Adams.Loyce02,
 author = {Adams, Loyce and Li, Zhilin},
 title = {The Immersed Interface/Multigrid Methods for Interface Problems},
 journal = {SIAM J. Sci. Comput.},
 volume = {24},
 issue = {2},
 month = {February},
 year = {2002},
 issn = {1064-8275},
 pages = {463--479},
 numpages = {17},
 publisher = {Society for Industrial and Applied Mathematics},
 address = {Philadelphia, PA, USA},
 keywords = {diffusion and advection equation, discontinuous coefficients, discrete maximum principle, interface problems, multigrid method, quadratic optimization},
}

%Deng:2003:TES:775673.775684
%url = {http://portal.acm.org/citation.cfm?id=775673.775684},
%doi = {10.1016/S0021-9991(02)00028-1},
%acmid = {775684},
@article{Deng03,
 author = {Deng, Shaozhong and Ito, Kazufumi and Li, Zhilin},
 title = {Three-dimensional elliptic solvers for interface problems and applications},
 journal = {J. Comput. Phys.},
 volume = {184},
 issue = {1},
 month = {January},
 year = {2003},
 issn = {0021-9991},
 pages = {215--243},
 numpages = {29},
 publisher = {Academic Press Professional, Inc.},
 address = {San Diego, CA, USA},
 keywords = {3D elliptic interface problem, algebraic multigrid, discontinuous coefficient, discrete maximum preserving scheme, irregular domain, level set method, quadratic optimization, shape identification},
}

%Lee:2003:IIM:954386.954476
%url = {http://portal.acm.org/citation.cfm?id=954386.954476},
%doi = {10.1137/S1064827502414060},
%acmid = {954476},
@article{Lee.Long03,
 author = {Lee, Long and LeVeque, Randall J.},
 title = {An immersed interface method for incompressible {N}avier-{S}tokes equations},
 journal = {SIAM J. Sci. Comput.},
 volume = {25},
 issue = {3},
 month = {March},
 year = {2003},
 issn = {1064-8275},
 pages = {832--856},
 numpages = {25},
 publisher = {Society for Industrial and Applied Mathematics},
 address = {Philadelphia, PA, USA},
 keywords = {CLAWPACK, flexible membrane, high-resolution finite-volume method, immersed boundary, immersed interface, incompressible flow, projection method, surface tension},
}

%Adams:2004:NGI:976328.976353,
%url = {http://portal.acm.org/citation.cfm?id=976328.976353},
%doi = {10.1137/S1064827503421707},
%acmid = {976353},
@article{Adams.Loyce04,
 author = {Adams, Loyce and Chartier, Timothy P.},
 title = {New Geometric Immersed Interface Multigrid Solvers},
 journal = {SIAM J. Sci. Comput.},
 volume = {25},
 issue = {5},
 month = {May},
 year = {2004},
 issn = {1064-8275},
 pages = {1516--1533},
 numpages = {18},
 publisher = {Society for Industrial and Applied Mathematics},
 address = {Philadelphia, PA, USA},
 keywords = {M-matrices, algebraic multigrid, discontinuous coefficients, geometric multigrid, immersed interface problems, maximum principle preserving schemes},
}

%Berthelsen:2004:DII:1016237.1016254
%url = {http://portal.acm.org/citation.cfm?id=1016237.1016254},
%doi = {10.1016/j.jcp.2003.12.003},
%acmid = {1016254},
@article{Berthelsen04,
 author = {Berthelsen, Petter Andreas},
 title = {A decomposed immersed interface method for variable coefficient elliptic equations with non-smooth and discontinuous solutions},
 journal = {J. Comput. Phys.},
 volume = {197},
 issue = {1},
 month = {June},
 year = {2004},
 issn = {0021-9991},
 pages = {364--386},
 numpages = {23},
 publisher = {Academic Press Professional, Inc.},
 address = {San Diego, CA, USA},
 keywords = {Cartesian grid, discontinuous coefficients, elliptic interface problem, finite difference method, immersed interface method, irregular domain, level set method},
}

@article{Rutka04,
title={A fast finite difference method for elliptic {PDE}s in domains with non-grid aligned boundaries with application to 3{D} linear elasticity},
author={Rutka, V. and Wiegmann, A. },
journal={MATHEMATICS IN INDUSTRY},
year={2004},
volume={5},
pages={363--366},
publisher={SPRINGER SCIENCE + BUSINESS MEDIA},
issn={1612-3956},
}

%Wan:2004:BCM:996978.997047,
%url = {http://portal.acm.org/citation.cfm?id=996978.997047},
%doi = {10.1137/S1064827503428540},
%acmid = {997047},
@article{Wan.Justin04,
 author = {Wan, Justin W. L. and Liu, Xu-Dong},
 title = {A Boundary Condition--Capturing Multigrid Approach to Irregular Boundary Problems},
 journal = {SIAM J. Sci. Comput.},
 volume = {25},
 issue = {6},
 month = {June},
 year = {2004},
 issn = {1064-8275},
 pages = {1982--2003},
 numpages = {22},
 publisher = {Society for Industrial and Applied Mathematics},
 address = {Philadelphia, PA, USA},
 keywords = {boundary condition, interpolation, irregular boundary, multigrid},
}

%Adams:2005:CAM:1046640.1046653
%url = {http://dx.doi.org/10.1137/S1064827503425262},
%doi = {http://dx.doi.org/10.1137/S1064827503425262},
%acmid = {1046653},
@article{Adams.Loyce05,
 author = {Adams, Loyce and Chartier, Timothy P.},
 title = {A comparison of algebraic multigrid and geometric immersed interface multigrid methods  for interface problems},
 journal = {SIAM J. Sci. Comput.},
 volume = {26},
 issue = {3},
 month = {March},
 year = {2005},
 issn = {1064-8275},
 pages = {762--784},
 numpages = {23},
 publisher = {Society for Industrial and Applied Mathematics},
 address = {Philadelphia, PA, USA},
 keywords = {M-matrices, algebraic multigrid, discontinuous coefficients, geometric multigrid, immersed interface problems, maximum principle preserving schemes},
}

%Beale_onthe,
%doi = {10.1.1.66.3420},
@ARTICLE{Beale06,
author = {J. Thomas Beale and Anita T. Layton},
title = {On the accuracy of finite difference methods for elliptic problems with interfaces},
journal = {Commun. Appl. Math. Comput. Sci.},
year = {2006},
volume = {1},
pages = {91--119}
}

%Le:2006:IIM:1221587.1221853
%url = {http://portal.acm.org/citation.cfm?id=1221587.1221853},
%doi = {10.1016/j.jcp.2006.05.004},
%acmid = {1221853},
@article{Le.DV06,
 author = {Le, D. V. and Khoo, B. C. and Peraire, J.},
 title = {An immersed interface method for viscous incompressible flows involving rigid and flexible boundaries},
 journal = {J. Comput. Phys.},
 volume = {220},
 issue = {1},
 month = {December},
 year = {2006},
 issn = {0021-9991},
 pages = {109--138},
 numpages = {30},
 publisher = {Academic Press Professional, Inc.},
 address = {San Diego, CA, USA},
 keywords = {Cartesian grid method, Fast Poisson solvers, Finite difference, Fluid-membrane interaction, Immersed interface method, Irregular domains, Navier-Stokes equations},
}

@book{Li.Zhilin06a,
 author = {Zhilin Li and Kazufumi Ito},
 title = {The immersed interface method: numerical solutions of {PDE}s involving interfaces and irregular domains},
 series = {Frontiers in Applied Mathematics},
 volume = {33},
 publisher = {Society for Industrial and Applied Mathematics},
 address = {Philadelphia, PA, USA},
 year = {2006},
 month = {July},
 isbn = {978-0898716092},
}

@article{Li.Zhilin06b,
title={An augmented approach for the pressure boundary condition in a {S}tokes flow},
author={Zhilin Li and Xiaohai Wan and Kazufumi Ito and Sharon R. Lubkin},
journal={Commun. Comput. Phys.},
volume={1},
year={2006},
pages={874--885},
}

%Xu:2006:IIM:1159531.1159534
%url = {http://portal.acm.org/citation.cfm?id=1159531.1159534},
%doi = {10.1016/j.jcp.2005.12.016},
%acmid = {1159534},
@article{Xu.Sheng06,
 author = {Xu, Sheng and Wang, Z. Jane},
 title = {An immersed interface method for simulating the interaction of a fluid with moving boundaries},
 journal = {J. Comput. Phys.},
 volume = {216},
 issue = {2},
 month = {August},
 year = {2006},
 issn = {0021-9991},
 pages = {454--493},
 numpages = {40},
 publisher = {Academic Press Professional, Inc.},
 address = {San Diego, CA, USA},
 keywords = {Cartesian grid method, complex geometries, flow around multiple objects, immersed boundary method, immersed interface method, moving deformable boundaries, singular force},
}

%Chen:2008:PDK:1387360.1387532
%url = {http://portal.acm.org/citation.cfm?id=1387360.1387532},
%doi = {10.1016/j.jcp.2008.04.027},
%acmid = {1387532},
@article{Chen08,
 author = {Chen, Tianbing and Strain, John},
 title = {Piecewise-polynomial discretization and {K}rylov-accelerated multigrid for elliptic interface problems},
 journal = {J. Comput. Phys.},
 volume = {227},
 issue = {16},
 month = {August},
 year = {2008},
 issn = {0021-9991},
 pages = {7503--7542},
 numpages = {40},
 publisher = {Academic Press Professional, Inc.},
 address = {San Diego, CA, USA},
 keywords = {Elliptic interface problems, High-contrast coefficients, Krylov subspace methods, Least squares, Multigrid, Multiple intersections, Piecewise-polynomial interpolation},
} 

%Tan:2008:IIM:1450340.1450429
%url = {http://portal.acm.org/citation.cfm?id=1450340.1450429},
%doi = {10.1016/j.jcp.2008.08.013},
%acmid = {1450429},
@article{Tan.Zhijun08,
 author = {Tan, Zhijun and Le, D. V. and Li, Zhilin and Lim, K. M. and Khoo, B. C.},
 title = {An immersed interface method for solving incompressible viscous flows with piecewise constant viscosity across a moving elastic membrane},
 journal = {J. Comput. Phys.},
 volume = {227},
 issue = {23},
 month = {December},
 year = {2008},
 issn = {0021-9991},
 pages = {9955--9983},
 numpages = {29},
 publisher = {Academic Press Professional, Inc.},
 address = {San Diego, CA, USA},
 keywords = {Front tracking method, Immersed interface method, Incompressible viscous flows, Piecewise constant viscosity, Projection method, Singular force},
}

%Xu20082068
%doi = "DOI: 10.1016/j.cma.2007.06.012",
%url = "http://www.sciencedirect.com/science/article/B6V29-4P5NX1S-1/2/be3e7243edf8e5cdba6d6e6f4cd80344",
@article{Xu.Sheng08,
title = "A 3{D} immersed interface method for fluid-solid interaction",
journal = "Computer Methods in Applied Mechanics and Engineering",
volume = "197",
number = "25-28",
pages = "2068 - 2086",
year = "2008",
note = "Immersed Boundary Method and Its Extensions",
issn = "0045-7825",
author = "Sheng Xu and Z. Jane Wang",
keywords = "Immersed interface method",
keywords = "Immersed boundary method",
keywords = "Fluid-solid interaction",
keywords = "Singular force",
keywords = "Jump conditions"
}
