%Benzi05numericalsolution,
%doi = {10.1.1.113.1671},
@ARTICLE{Benzi05,
    author = {Michele Benzi and Gene H. Golub and Jörg Liesen},
    title = {Numerical solution of saddle point problems},
    journal = {ACTA NUMERICA},
    year = {2005},
    volume = {14},
    pages = {1--137}
}
