%Zhu:2010:EMM:1731047.1731054
%url = {http://doi.acm.org/10.1145/1731047.1731054},
%doi = {10.1145/1731047.1731054},
%acmid = {1731054},
@article{Zhu.Yongning10,
 author = {Zhu, Yongning and Sifakis, Eftychios and Teran, Joseph and Brandt, Achi},
 title = {An efficient multigrid method for the simulation of high-resolution elastic solids},
 journal = {ACM Trans. Graph.},
 issue_date = {March 2010},
 volume = {29},
 number = {2},
 month = apr,
 year = {2010},
 issn = {0730-0301},
 pages = {16:1--16:18},
 articleno = {16},
 numpages = {18},
 publisher = {ACM},
 address = {New York, NY, USA},
 keywords = {Deformable models, corotational linear elasticity, near-incompressible solids, parallel simulation},
}
