%Osher:1988:FPC:56813.56815
%url = {http://dx.doi.org/10.1016/0021-9991(88)90002-2},
%doi = {10.1016/0021-9991(88)90002-2},
%acmid = {56815},
@article{Osher88,
 author = {Osher, Stanley and Sethian, James A.},
 title = {Fronts propagating with curvature-dependent speed: algorithms based on Hamilton-Jacobi formulations},
 journal = {J. Comput. Phys.},
 issue_date = {Nov. 1988},
 volume = {79},
 number = {1},
 month = nov,
 year = {1988},
 issn = {0021-9991},
 pages = {12--49},
 numpages = {38},
 publisher = {Academic Press Professional, Inc.},
 address = {San Diego, CA, USA},
}

%Osher_Fedkiw_2004
@book{Osher04,
 title={Level Set Methods and Dynamic Implicit Surfaces},
 volume={57},
 url={http://link.aip.org/link/AMREAD/v57/i3/pB15/s1&Agg=doi},
 number={3},
 journal={Applied Mechanics Reviews},
 publisher={Springer},
 author={Osher, S and Fedkiw, R},
 editor={Antman, S S and Marsden, J E and Sirovich, LEditors},
 year={2004},
 pages={B15}
}
