%conf/imr/MolinoBTF03
%added-at = {2005-01-24T00:00:00.000+0100},
%biburl = {http://www.bibsonomy.org/bibtex/2570acdf79a00d431e69a8ceab5f0968e/dblp},
%ee = {http://www.andrew.cmu.edu/user/sowen/abstracts/Mo975.html},
%interhash = {ed7cc6b7e0811ca9b0860444b2e8caee},
%intrahash = {570acdf79a00d431e69a8ceab5f0968e},
%url = {http://dblp.uni-trier.de/db/conf/imr/imr2003.html#MolinoBTF03},
@inproceedings{Molino03,
author = {Molino, Neil and Bridson, Robert and Teran, Joseph and Fedkiw, Ronald},
booktitle = {IMR},
date = {2005-01-24},
description = {dblp},
keywords = {dblp},
pages = {103-114},
timestamp = {2005-01-24T00:00:00.000+0100},
title = {A Crystalline, Red Green Strategy for Meshing Highly Deformable Objects with Tetrahedra.},
year = 2003
}
