@article{Belgacem99,
 author = {Faker B. Belgacem},
 title = {The mortar finite element method with lagrange multipliers},
 journal = {Numerische Mathematik},
 month = {December},
 year = {1999},
 volume = {V84},
 issue = {2},
 pages = {173--197},
 numpages = {25},
}

%Wohlmuth99multigridmethods,
%doi = {10.1.1.33.2747},
@ARTICLE{Wohlmuth99,
    author = {Barbara I. Wohlmuth and Rolf H. Krause},
    title = {Multigrid Methods Based On The Unconstrained Product Space Arising From Mortar Finite Element Discretizations},
    journal = {SIAM J. NUMER. ANAL},
    year = {1999},
    volume = {39},
    pages = {2001}
}

%doi = {10.1093/imanum/22.4.549},
@article{Huang02,
 author = {Jianguo Huang and Jun Zou},
 title = {A mortar element method for elliptic problems with discontinuous coefficients},
 journal = {IMA J Numer Anal},
 month = {July},
 year = {2001},
 volume = {22},
 issue = {4},
 pages = {549--576},
 numpages = {28},
}

%Lamichhane:2004:MFE:1093472.1093477,
%url = {http://portal.acm.org/citation.cfm?id=1093472.1093477},
%doi = {10.1007/s00607-003-0062-y},
%acmid = {1093477},
@article{Lamichhane04,
 author = {Lamichhane, B. P. and Wohlmuth, B. I.},
 title = {Mortar finite elements for interface problems},
 journal = {Computing},
 volume = {72},
 issue = {3-4},
 month = {May},
 year = {2004},
 issn = {0010-485X},
 pages = {333--348},
 numpages = {16},
 publisher = {Springer-Verlag New York, Inc.},
 address = {New York, NY, USA},
 keywords = {Lagrange multiplier, domain decomposition, interface problem, mortar finite elements, non-matching triangulation, saddle point problem},
}

%Dryja:2005:NAM:1046275.1046281,
%url = {http://portal.acm.org/citation.cfm?id=1046275.1046281},
%doi = {10.1007/s00211-004-0573-2},
%acmid = {1046281},
@article{Dryja05,
 author = {Dryja, Maksymilian},
 title = {A Neumann-Neumann algorithm for a mortar discretization of elliptic problems with discontinuous coefficients},
 journal = {Numer. Math.},
 volume = {99},
 issue = {4},
 month = {February},
 year = {2005},
 issn = {0029-599X},
 pages = {645--656},
 numpages = {12},
 publisher = {Springer-Verlag New York, Inc.},
 address = {Secaucus, NJ, USA},
}
