%Zhou:2006:HOM:1140862.1140863
%url = {http://dx.doi.org/10.1016/j.jcp.2005.07.022},
%doi = {http://dx.doi.org/10.1016/j.jcp.2005.07.022},
%acmid = {1140863},
@article{Zhou.YC06a,
 author = {Zhou, Y. C. and Zhao, Shan and Feig, Michael and Wei, G. W.},
 title = {High order matched interface and boundary method for elliptic equations with discontinuous coefficients and singular sources},
 journal = {J. Comput. Phys.},
 volume = {213},
 issue = {1},
 month = {March},
 year = {2006},
 issn = {0021-9991},
 pages = {1--30},
 numpages = {30},
 publisher = {Academic Press Professional, Inc.},
 address = {San Diego, CA, USA},
 keywords = {Elliptic equations, Ghost fluid method, High order method, Immersed boundary method, Immersed interface method, Matched interface and boundary},
}

%Zhou:2006:FIF:1238654.1238670
%url = {http://portal.acm.org/citation.cfm?id=1238654.1238670},
%doi = {10.1016/j.jcp.2006.03.027},
%acmid = {1238670},
@article{Zhou.YC06b,
 author = {Zhou, Y. C. and Wei, G. W.},
 title = {On the fictitious-domain and interpolation formulations of the matched interface and boundary ({MIB}) method},
 journal = {J. Comput. Phys.},
 volume = {219},
 issue = {1},
 month = {November},
 year = {2006},
 issn = {0021-9991},
 pages = {228--246},
 numpages = {19},
 publisher = {Academic Press Professional, Inc.},
 address = {San Diego, CA, USA},
 keywords = {elliptic interface problems, ghost fluid method, high order method, immersed boundary method, immersed interface method},
}

%Yu:2007:TMI:1297418.1297554
%url = {http://portal.acm.org/citation.cfm?id=1297418.1297554},
%doi = {10.1016/j.jcp.2007.08.003},
%acmid = {1297554},
@article{Yu.Sining07,
 author = {Yu, Sining and Wei, G. W.},
 title = {Three-dimensional matched interface and boundary ({MIB}) method for treating geometric singularities},
 journal = {J. Comput. Phys.},
 volume = {227},
 issue = {1},
 month = {November},
 year = {2007},
 issn = {0021-9991},
 pages = {602--632},
 numpages = {31},
 publisher = {Academic Press Professional, Inc.},
 address = {San Diego, CA, USA},
 keywords = {Discontinuous coefficients, Elliptic equations, Geometric singularity, Immersed boundary method, Immersed interface method, Material interface},
}

%doi = {10.1002/nme.2473},
@article{Zhao.Shan09,
 author = {Shan Zhao and G. W. Wei},
 title = {Matched interface and boundary ({MIB}) for the implementation of boundary conditions in high-order central finite differences},
 journal = {Int. J. Numer. Meth. Engng},
 month = {March},
 year = {2009},
 volume = {77},
 issue = {12},
 pages = {1690--1730},
 numpages = {41},
}

%Pan:2010:IMI:1750589.1750735,
%url = {http://dx.doi.org/10.1016/j.cam.2009.12.006},
%doi = {http://dx.doi.org/10.1016/j.cam.2009.12.006},
%acmid = {1750735},
@article{Pan.Kejia10,
 author = {Pan, Kejia and Tan, Yongji and Hu, Hongling},
 title = {An interpolation matched interface and boundary method for elliptic interface problems},
 journal = {J. Comput. Appl. Math.},
 volume = {234},
 issue = {1},
 month = {May},
 year = {2010},
 issn = {0377-0427},
 pages = {73--94},
 numpages = {22},
 publisher = {Elsevier Science Publishers B. V.},
 address = {Amsterdam, The Netherlands, The Netherlands},
 keywords = {65N06, 65N22, 65N50, Discrete maximum principle, Elliptic interface problems, Finite difference scheme, Ghost fluid method, Immersed interface method, Matched interface and boundary},
}
