@misc{petsc-web-page,
    Author  = "Satish Balay and Kris Buschelman and William D. Gropp and Dinesh Kaushik and Matthew G. Knepley and Lois Curfman McInnes and Barry F. Smith and Hong Zhang",
    Title   = "PETSc Web page",
    Note    = "http://www.mcs.anl.gov/petsc",
    Year    = "2009"
}

@techreport{petsc-user-ref,
    Author      = "Satish Balay and Kris Buschelman and Victor Eijkhout and William D. Gropp and Dinesh Kaushik and Matthew G. Knepley and Lois Curfman McInnes and Barry F. Smith and Hong Zhang",
    Title       = "PETSc Users Manual",
    Number      = "ANL-95/11 - Revision 3.0.0",
    Institution = "Argonne National Laboratory",
    Year        = "2008"
}

@inproceedings{petsc-efficient,
    Author    = "Satish Balay and William D. Gropp and Lois Curfman McInnes and Barry F. Smith",
    Title     = "Efficient Management of Parallelism in Object Oriented Numerical Software Libraries",
    Booktitle = "Modern Software Tools in Scientific Computing",
    Editor    = "E. Arge and A. M. Bruaset and H. P. Langtangen",
    Pages     = "163--202",
%    Publisher = "Birkh\"{a}user Press",
    Publisher = {Birkh\"{a}user Press},
    Year      = "1997"
}
