%doi = {10.1002/nme.1620070316},
@article{Cowper73,
 author = {G. R. Cowper},
 title = {{G}aussian quadrature formulas for triangles},
 journal = {International Journal for Numerical Methods in Engineering},
 volume = {7},
 issue = {3},
 year = {1973},
 pages = {405--408},
 numpages = {4},
}

%Min:2007:GIO:1290206.1290430,
%url = {http://portal.acm.org/citation.cfm?id=1290206.1290430},
%doi = {10.1016/j.jcp.2007.05.032},
%acmid = {1290430},
@article{Min.Chohong07,
 author = {Min, Chohong and Gibou, Fr\'{e}d\'{e}ric},
 title = {Geometric integration over irregular domains with application to level-set methods},
 journal = {J. Comput. Phys.},
 volume = {226},
 issue = {2},
 month = {October},
 year = {2007},
 issn = {0021-9991},
 pages = {1432--1443},
 numpages = {12},
 publisher = {Academic Press Professional, Inc.},
 address = {San Diego, CA, USA},
 keywords = {Integration, Isosurfacing, Level-set methods, Quadtree/octree data structures},
}
