%Sethian2000489
%doi = "10.1006/jcph.2000.6581",
%url = "http://www.sciencedirect.com/science/article/pii/S0021999100965811",
@article{Sethian00,
title = "Structural Boundary Design via Level Set and Immersed Interface Methods",
journal = "Journal of Computational Physics",
volume = "163",
number = "2",
pages = "489 - 528",
year = "2000",
note = "",
issn = "0021-9991",
author = "J.A. Sethian and Andreas Wiegmann"
}

%Osher2001272
%doi = "10.1006/jcph.2001.6789",
%url = "http://www.sciencedirect.com/science/article/pii/S0021999101967890",
@article{Osher01,
title = "Level Set Methods for Optimization Problems Involving Geometry and Constraints: I. Frequencies of a Two-Density Inhomogeneous Drum",
journal = "Journal of Computational Physics",
volume = "171",
number = "1",
pages = "272 - 288",
year = "2001",
note = "",
issn = "0021-9991",
author = "Stanley J. Osher and Fadil Santosa"
}

%Allaire:2004:SOU:982315.982332
%url = {http://dx.doi.org/10.1016/j.jcp.2003.09.032},
%doi = {10.1016/j.jcp.2003.09.032},
%acmid = {982332},
@article{Allaire04,
 author = {Allaire, Gr{\'e}goire and Jouve, Fran\c{c}ois and Toader, Anca-Maria},
 title = {Structural optimization using sensitivity analysis and a level-set method},
 journal = {J. Comput. Phys.},
 issue_date = {10 February 2004},
 volume = {194},
 number = {1},
 month = feb,
 year = {2004},
 issn = {0021-9991},
 pages = {363--393},
 numpages = {31},
 publisher = {Academic Press Professional, Inc.},
 address = {San Diego, CA, USA},
 keywords = {level-set, sensitivity analysis, shape derivative, shape optimization, topology optimization},
}

%springerlink:10.1007/1-4020-4752-5_3
%url = {http://dx.doi.org/10.1007/1-4020-4752-5_3},
%note = {10.1007/1-4020-4752-5_3},
@incollection {Duysinx06,
   author = {Duysinx, Pierre and Miegroet, Laurent and Jacobs, Thibault and Fleury, Claude},
   affiliation = {University of Liège Automotive Engineering/Multidisciplinary Optimization, Aerospace and Mechanics Department Chemin des Chevreuils, 1, building B52 4000 Liège Belgium},
   title = {Generalized Shape Optimization Using {X-FEM} and Level Set Methods},
   booktitle = {IUTAM Symposium on Topological Design Optimization of Structures, Machines and Materials},
   series = {Solid Mechanics and Its Applications},
   editor = {Bendsøe, Martin Philip and Olhoff, Niels and Sigmund, Ole and Gladwell, G. M. L.},
   publisher = {Springer Netherlands},
   isbn = {978-1-4020-4752-7},
   keyword = {Engineering},
   pages = {23-32},
   volume = {137},
   year = {2006}
}

%springerlink:10.1007/s00158-007-0160-0
%url = {http://dx.doi.org/10.1007/s00158-007-0160-0},
@article {Challis08,
   author = {Challis, Vivien and Roberts, Anthony and Wilkins, Andrew},
   affiliation = {Department of Mathematics, University of Queensland, Brisbane, QLD 4072 Australia},
   title = {Fracture resistance via topology optimization},
   journal = {Structural and Multidisciplinary Optimization},
   publisher = {Springer Berlin / Heidelberg},
   issn = {1615-147X},
   keyword = {Engineering},
   pages = {263-271},
   volume = {36},
   issue = {3},
   note = {10.1007/s00158-007-0160-0},
   year = {2008}
}

%Wei_Wang_2008
%url={http://doi.wiley.com/10.1002/nme.2785},
@article{Wei.Peng08,
 title={A structural optimization method with {XFEM} and level set},
 number={February},
 journal={Structural Optimization},
 author={Wei, Peng and Wang, Michael Yu},
 year={2008},
 pages={1--16}
}
