@article{Pieper95,
author = {Pieper, S.D. and Laub, D.R. Jr. and Rosen, J.M.},
title = {A finite-element facial model for simulating plastic surgery},
journal = {Plastic and Reconstructive Surgery},
volume = {96},
number = {5},
pages = {1100--1105},
year = {1995},
month = {October},
}

@article{Sifakis09,
author = {Sifakis, E. and Hellrung, J. and Teran, J. and Oliker, A. and Cutting, C.},
title = {Local flaps: a real-time finite element based solution to the plastic surgery defect puzzle},
journal = {Studies in Health Technology and Informatics},
volume = {142},
pages = {313--318},
year = {2009},
}

@article{Xarticle,
author = {},
title = {},
journal = {},
%volume = {},
%number = {},
%pages = {},
year = {XXXX},
%month = {},
%note = {},
}
