%Molino:2005:VNA:1198555.1198574
%url = {http://doi.acm.org/10.1145/1198555.1198574},
%doi = {http://doi.acm.org/10.1145/1198555.1198574},
%acmid = {1198574},
@inproceedings{Molino05,
 author = {Molino, Neil and Bao, Zhaosheng and Fedkiw, Ron},
 title = {A virtual node algorithm for changing mesh topology during simulation},
 booktitle = {ACM SIGGRAPH 2005 Courses},
 series = {SIGGRAPH '05},
 year = {2005},
 location = {Los Angeles, California},
 articleno = {4},
 publisher = {ACM},
 address = {New York, NY, USA},
 keywords = {changing mesh topology, finite elements, fracture, sculpting, virtual surgery},
}

%Bao:2007:FRM:1263129.1263275
%url = {http://dx.doi.org/10.1109/TVCG.2007.39},
%doi = {http://dx.doi.org/10.1109/TVCG.2007.39},
%acmid = {1263275},
@article{Bao.Zhaosheng07,
 author = {Bao, Zhaosheng and Hong, Jeong-Mo and Teran, Joseph and Fedkiw, Ronald},
 title = {Fracturing rigid materials},
 journal = {IEEE Transactions on Visualization and Computer Graphics},
 volume = {13},
 issue = {2},
 month = {March},
 year = {2007},
 issn = {1077-2626},
 pages = {370--378},
 numpages = {9},
 publisher = {IEEE Educational Activities Department},
 address = {Piscataway, NJ, USA},
 keywords = {Fracture, rigid bodies, finite element analysis.},
}

%Sifakis:2007:ACD:1272690.1272701
%url = {http://portal.acm.org/citation.cfm?id=1272690.1272701},
%acmid = {1272701},
@inproceedings{Sifakis07,
 author = {Sifakis, Eftychios and Der, Kevin G. and Fedkiw, Ronald},
 title = {Arbitrary cutting of deformable tetrahedralized objects},
 booktitle = {Proceedings of the 2007 ACM SIGGRAPH/Eurographics symposium on Computer animation},
 series = {SCA '07},
 year = {2007},
 isbn = {978-1-59593-624-0},
 location = {San Diego, California},
 pages = {73--80},
 numpages = {8},
 publisher = {Eurographics Association},
 address = {Aire-la-Ville, Switzerland, Switzerland},
}
