%10.1016/j.cma.2005.03.006
%2006CMAME.195.1275A
@article{Areias06,
title = "A comment on the article ``A finite element method for simulation of strong and weak discontinuities in solid mechanics'' by A. Hansbo and P. Hansbo [Comput. Methods Appl. Mech. Engrg. 193 (2004) 3523-3540]",
journal = {Computer Methods in Applied Mechanics and Engineering},
volume = {195},
number = {9--12},
pages = {1275--1276},
month = {February},
year = {2006},
author = {Areias, P. and Belytschko, T.}
}

%DOI: 10.1002/nme.2665
@article{Duan09,
author = {Qinglin Duan and Jeong-Hoon Song and Thomas Menouillard and Ted Belytschko},
title = {Element-local level set method for three-dimensional dynamic crack growth},
journal = {International Journal for Numerical Methods in Engineering},
volume = {80},
number = {12},
pages = {1520--1543},
month = {December},
year = {2009},
}

%song:051301
%url = {http://link.aip.org/link/?AMJ/76/051301/1},
%doi = {10.1115/1.3129711}
@article{Song09b,
author = {Jeong-Hoon Song and Ted Belytschko},
collaboration = {},
title = {Dynamic Fracture of Shells Subjected to Impulsive Loads},
publisher = {ASME},
month = {September},
year = {2009},
journal = {Journal of Applied Mechanics},
volume = {76},
number = {5},
eid = {051301},
numpages = {9},
pages = {051301},
keywords = {brittle fracture; cracks; finite element analysis; shells (structures)},
}
