%DOI: 10.1002/1097-0207(20010210)50:4<993::AID-NME164>3.0.CO;2-M
@article{Belytschko01,
author = {T. Belytschko and N. Mo\"{e}s and S. Usui and C. Parimi},
title = {Arbitrary discontinuities in finite elements},
journal = {International Journal for Numerical Methods in Engineering},
volume = {50},
number = {4},
pages = {993--1013},
month = {February},
year = {2001},
}

%Sukumar20016183
%doi = "10.1016/S0045-7825(01)00215-8",
%url = "http://www.sciencedirect.com/science/article/pii/S0045782501002158",
@article{Sukumar01,
title = "Modeling holes and inclusions by level sets in the extended finite-element method",
journal = "Computer Methods in Applied Mechanics and Engineering",
volume = "190",
number = "46–47",
pages = "6183 - 6200",
year = "2001",
note = "",
issn = "0045-7825",
author = "N. Sukumar and D.L. Chopp and N. Mo\"{e}s and T. Belytschko",
keywords = "Extended finite-element method",
keywords = "Level set method",
keywords = "Voids",
keywords = "Material interface",
keywords = "Elastic inclusion"
}

%Moes_Gravouil_Belytschko_2002
%url={http://www3.interscience.wiley.com/journal/89015903/abstract},
@article{Moes02a,
 title={Non-planar 3{D} crack growth by the extended finite element and level sets-Part {I}: Mechanical model},
 volume={53},
 number={11},
 journal={International Journal for Numerical Methods in Engineering},
 publisher={John Wiley \& Sons},
 author={Mo\"{e}s, Nicolas and Gravouil, A. and Belytschko, Ted},
 month={April},
 year={2002},
 pages={2549--2568}
}

%Gravouil_Moes_Belytschko_2002
%url={http://www3.interscience.wiley.com/journal/89015907/abstract},
@article{Gravouil02,
 title={Non-planar 3{D} crack growth by the extended finite element and level sets-Part {II}: Level set update},
 volume={53},
 number={11},
 journal={International Journal for Numerical Methods in Engineering},
 publisher={John Wiley \& Sons},
 author={Gravouil, A. and Mo\"{e}s, Nicolas and Belytschko, Ted},
 year={2002},
 pages={2569--2586}
}

%DOI: 10.1002/nme.1915
@article{Duflot07,
author = {M. Duflot},
title = {A study of the representation of cracks with level sets},
journal = {International Journal for Numerical Methods in Engineering},
volume = {70},
number = {11},
pages = {1261--1302},
month = {June},
year = {2007},
}

%DOI: 10.1002/nme.1819
@article{Prabel07,
author = {B. Prabel and A. Combescure and A. Gravouil and S. Marie},
title = {Level set {X-FEM} non-matching meshes: application to dynamic crack propagation in elastic–plastic media},
journal = {International Journal for Numerical Methods in Engineering},
volume = {69},
number = {8},
pages = {1553--1569},
month = {February},
year = {2007},
}

@article{Sukumar08,
author = {N. Sukumar and E. B\'{e}chet and N. Mo\"{e}s},
title = {Three-Dimensional Non-Planar Crack Growth by a Coupled Extended Finite Element and Fast Marching Method},
journal = {International Journal for Numerical Methods in Engineering},
volume = {76},
number = {5},
pages = {727--748},
year={2008},
}
