%DOI: 10.1002/nme.1130
@article{Budyn04,
author = {\'{E}. Budyn and G. Zi and N. Mo\"{e}s and T. Belytschko},
title = {A method for multiple crack growth in brittle materials without remeshing},
journal = {International Journal for Numerical Methods in Engineering},
volume = {61},
number = {10},
pages = {1741-1770},
month = {November},
year = {2004},
}

@article{Zi.G04,
author = {G. Zi and J. H. Song and \'{E}. Budyn and S. H. Lee and T. Belytschko},
title = {A method for growing multiple cracks without remeshing and its application to fatigue crack growth},
journal = {Modelling and Simulation in Materials Science and Engineering},
volume = {12},
number = {1},
pages = {901--915},
year={2004},
}

%doi = {10.1002/nme.2415},
%masid = {6154440}
@article{Song09a,
author = {Jeong-Hoon Song and Ted Belytschko},
title = {{Cracking node method for dynamic fracture with finite elements}},
journal = {International Journal for Numerical Methods in Engineering},
volume = {77},
year = {2009},
pages = {360--385},
issue = {3},
}
