%doi = {10.1002/(SICI)1097-0207(19990910)46:1<131::AID-NME726>3.0.CO;2-J},
@article{Moes99,
 author = {Nicolas Mo\"{e}s and John Dolbow and Ted Belytschko},
 title = {A finite element method for crack growth without remeshing},
 journal = {Int. J. Numer. Meth. Engng},
 month = {September},
 year = {1999},
 volume = {46},
 issue = {1},
 pages = {131--150},
 numpages = {20},
}

%doi = {10.1002/1097-0207(20000830)48:12<1741::AID-NME956>3.0.CO;2-L},
@article{Daux00,
 author = {Christophe Daux and Nicolas Mo\"{e}s and John Dolbow and Natarajan Sukumar and Ted Belytschko},
 title = {Arbitrary branched and intersecting cracks with the extended finite element method},
 journal = {Int. J. Numer. Meth. Engng},
 month = {August},
 year = {2000},
 volume = {48},
 issue = {12},
 pages = {1741--1760},
 numpages = {20},
}

%doi = {10.1002/1097-0207(20010210)50:4<993::AID-NME164>3.0.CO;2-M},
@article{Belytschko01,
 author = {T. Belytschko and N. Mo\"{e}s and S. Usui and C. Parimi},
 title = {Arbitrary discontinuities in finite elements},
 journal = {Int. J. Numer. Meth. Engng},
 month = {February},
 year = {2001},
 volume = {50},
 issue = {4},
 pages = {993--1013},
 numpages = {21},
}

%doi = {10.1016/S0045-7825(03)00346-3},
@article{Moes03,
 author = {N. Mo\"{e}s and M. Cloirec and P. Cartraud and J.F. Remacle},
 title = {A computational approach to handle complex microstructure geometries},
 journal = {Comput. Methods Appl. Mech. Engrg.},
 month = {July},
 year = {2003},
 volume = {192},
 issue = {28--30},
 pages = {3163--3177},
 numpages = {15},
}

%doi = {10.1002/nme.1167},
@article{Ji.H.04,
 author = {H. Ji and J. E. Dolbow},
 title = {On strategies for enforcing interfacial constraints and evaluating jump conditions with extended finite element method},
 journal = {Int. J. Numer. Meth. Engng},
 month = {December},
 year = {2004},
 volume = {61},
 issue = {14},
 pages = {2508--2535},
 numpages = {28},
}

%doi = {10.1002/nme.1761},
@article{Fries06,
 author = {Thomas-Peter Fries and Ted Belytschko},
 title = {The intrinsic xfem: a method for arbitrary discontinuities without additional unknowns},
 journal = {Int. J. Numer. Meth. Engng},
 month = {December},
 year = {2006},
 volume = {68},
 issue = {13},
 pages = {1358--1385},
 numpages = {28},
}

%doi = {10.1002/nme.1675},
@article{Moes06,
 author = {Nicolas Mo\"{e}s and Eric B\'{e}chet and Matthieu Tourbier},
 title = {Imposing dirichlet boundary conditions in the extended finite element method},
 journal = {Int. J. Numer. Meth. Engng},
 month = {September},
 year = {2006},
 volume = {67},
 issue = {12},
 pages = {1641--1669},
 numpages = {29},
}

@article{Vaughan06,
 author = {B L Vaughn Jr. and B G Smith and D L Chopp},
 title = {A comparison of the extended finite element method with the immersed interface method for elliptic equations with discontinuous coefficients and singular sources},
 journal = {Comm. App. Math. and Comp. Sci.},
 year = {2006},
 volume = {1},
 number = {1},
 pages = {207--228},
 numpages = {22},
}

%Groi:2007:EPF:1243502.1243571,
%url = {http://portal.acm.org/citation.cfm?id=1243502.1243571},
%doi = {10.1016/j.jcp.2006.12.021},
%acmid = {1243571},
@article{Groi07,
 author = {Gro\'{\i}, Sven and Reusken, Arnold},
 title = {An extended pressure finite element space for two-phase incompressible flows with surface tension},
 journal = {J. Comput. Phys.},
 volume = {224},
 issue = {1},
 month = {May},
 year = {2007},
 issn = {0021-9991},
 pages = {40--58},
 numpages = {19},
 publisher = {Academic Press Professional, Inc.},
 address = {San Diego, CA, USA},
 keywords = {65M60, 65N15, 65N30, 76D45, 76T99, Pressure finite element space, Spurious velocities, Surface tension, Two-phase flow},
}

@article{Beale08,
 author = {J. Thomas Beale and Davod L. Chopp and Randall J. LeVeque and Zhilin Li},
 title = {Correction to the article a comparison of the extended finite element method with the immersed interface method for elliptic equations with discontinuous coefficients and singular sources by Vaughan et al.},
 journal = {Comm. App. Math. and Comp. Sci.},
 year = {2008},
 volume = {3},
 number = {1},
 pages = {95--101},
 numpages = {17},
}

%van der Bos:2009:NSP:1519550.1519824,
%url = {http://portal.acm.org/citation.cfm?id=1519550.1519824},
%doi = {10.1016/j.jcp.2008.12.039},
%acmid = {1519824},
@article{vanderBos09,
 author = {van der Bos, Fedderik and Gravemeier, Volker},
 title = {Numerical simulation of premixed combustion using an enriched finite element method},
 journal = {J. Comput. Phys.},
 volume = {228},
 issue = {10},
 month = {June},
 year = {2009},
 issn = {0021-9991},
 pages = {3605--3624},
 numpages = {20},
 publisher = {Academic Press Professional, Inc.},
 address = {San Diego, CA, USA},
 keywords = {Distributed Lagrange multipliers, Lagrange multipliers, Level-set methods, Multi-phase flow, Premixed combustion, eXtended finite element methods},
}
