%Ventura_2006
%url={http://dx.doi.org/10.1002/nme.1570},
@article{Ventura06,
 title={On the elimination of quadrature subcells for discontinuous functions in the e{X}tended {F}inite-{E}lement {M}ethod},
 volume={66},
 number={5},
 journal={International Journal for Numerical Methods in Engineering},
 publisher={John Wiley \& Sons},
 author={Ventura, Giulio},
 year={2006},
 pages={761--795}
}

%Holdych_Noble_Secor_2008
%url={http://onlinelibrary.wiley.com/doi/10.1002/nme.2123/abstract},
@article{Holdych08,
 title={Quadrature rules for triangular and tetrahedral elements with generalized functions},
 volume={73},
 number={9},
 journal={International Journal for Numerical Methods in Engineering},
 publisher={Wiley Online Library},
 author={Holdych, David J. and Noble, David R. and Secor, Robert B.},
 year={2008},
 pages={1310–1327}
}

%Park_Pereira_Duarte_Paulino_2009
%url={http://onlinelibrary.wiley.com/doi/10.1002/nme.2530/abstract},
@article{Park09,
 title={Integration of singular enrichment functions in the generalized/extended finite element method for three-dimensional problems},
 volume={78},
 number={10},
 journal={International Journal for Numerical Methods in Engineering},
 publisher={Wiley Online Library},
 author={Park, Kyoungsoo and Pereira, Jeronymo P. and Duarte, C. Armando and Paulino, Glaucio H.},
 month={June},
 year={2009},
 pages={1220--1257}
}

%DOI: 10.1002/nme.2387
@article{Ventura09,
author = {Giulio Ventura and Robert Gracie and Ted Belytschko},
title = {Fast integration and weight function blending in the extended finite element method},
journal = {International Journal for Numerical Methods in Engineering},
volume = {77},
number = {1},
pages = {1--29},
month = {January},
year = {2009},
}

%Mousavi20103237
%doi = "10.1016/j.cma.2010.06.031",
%url = "http://www.sciencedirect.com/science/article/pii/S0045782510001982",
@article{Mousavi10,
title = "Generalized {G}aussian quadrature rules for discontinuities and crack singularities in the extended finite element method",
journal = "Computer Methods in Applied Mechanics and Engineering",
volume = "199",
number = "49–52",
pages = "3237 - 3249",
year = "2010",
note = "",
issn = "0045-7825",
author = "S.E. Mousavi and N. Sukumar",
keywords = "Partition-of-unity enrichment",
keywords = "Numerical integration",
keywords = "Discontinuous functions",
keywords = "Weakly singular functions",
keywords = "Generalized Duffy transformation",
keywords = "Node elimination algorithm",
keywords = "Crack growth"
}
