%Moes2002813
%doi = "10.1016/S0013-7944(01)00128-X",
%url = "http://www.sciencedirect.com/science/article/pii/S001379440100128X",
@article{Moes02,
title = "Extended finite element method for cohesive crack growth",
journal = "Engineering Fracture Mechanics",
volume = "69",
number = "7",
pages = "813 - 833",
year = "2002",
note = "",
issn = "0013-7944",
author = "Nicolas Mo\"{e}s and Ted Belytschko",
keywords = "Cohesive crack",
keywords = "Finite elements",
keywords = "Discontinuous approximation",
keywords = "Stress intensity factors",
keywords = "Size effect"
}

%DOI: 10.1002/nme.761
@article{Mariani03,
author = {Stefano Mariani and Umberto Perego},
title = {Extended finite element method for quasi-brittle fracture},
journal = {International Journal for Numerical Methods in Engineering},
volume = {58},
number = {1},
pages = {103--126},
month = {September},
year = {2003},
}

%DOI: 10.1002/nme.849
@article{Zi.Goangseup03,
author = {Goangseup Zi and Ted Belytschko},
title = {New crack-tip elements for {XFEM} and applications to cohesive cracks},
journal = {International Journal for Numerical Methods in Engineering},
volume = {57},
number = {15},
pages = {2221--2240},
month = {August},
year = {2003},
}

%Borst_Gutierrez_Wells_Remmers_Askes_2004
%url={http://doi.wiley.com/10.1002/nme.963},
@article{Borst04,
 title={Cohesive-zone models, higher-order continuum theories and reliability methods for computational failure analysis},
 volume={60},
 number={1},
 journal={International Journal for Numerical Methods in Engineering},
 publisher={John Wiley & Sons, Ltd.},
 author={Borst, Ren\'{e} De and Guti\'{e}rrez, Miguel A and Wells, Garth N and Remmers, Joris J C and Askes, Harm},
 year={2004},
 pages={289--315}
}

%2007IJNME..72..464A
%      doi = {10.1002/nme.2023},
%   adsurl = {http://adsabs.harvard.edu/abs/2007IJNME..72..464A},
@ARTICLE{Asferg07,
   author = {{Asferg}, J.~L. and {Poulsen}, P.~N. and {Nielsen}, L.~O.},
    title = "{A consistent partly cracked XFEM element for cohesive crack growth}",
  journal = {International Journal for Numerical Methods in Engineering},
     year = 2007,
    month = oct,
   volume = 72,
    pages = {464-485},
  adsnote = {Provided by the SAO/NASA Astrophysics Data System}
}
