%Chahine2006527
%doi = "10.1016/j.crma.2006.02.002",
%url = "http://www.sciencedirect.com/science/article/pii/S1631073X06000586",
@article{Chahine06,
title = "A quasi-optimal convergence result for fracture mechanics with {XFEM}",
journal = "Comptes Rendus Mathematique",
volume = "342",
number = "7",
pages = "527 - 532",
year = "2006",
note = "",
issn = "1631-073X",
author = "Elie Chahine and Patrick Laborde and Yves Renard"
}

%Bordas_Duflot_Le_2007
%url={http://orca.cf.ac.uk/7643/},
@article{Bordas07,
 title={A simple error estimator for extended finite elements},
 volume={24},
 number={11},
 journal={Communications in Numerical Methods in Engineering},
 publisher={John Wiley \& Sons},
 author={Bordas, Stephane Pierre Alain and Duflot, M. and Le, P},
 year={2007},
 pages={961--971}
}

%Chahine_Laborde_Renard_2008
%url={http://www3.interscience.wiley.com/journal/117875957/abstract},
@article{Chahine08,
 title={Crack tip enrichment in the {XFEM} using a cutoff function},
 volume={75},
 number={6},
 journal={International Journal for Numerical Methods in Engineering},
 publisher={John Wiley \& Sons},
 author={Chahine, E. and Laborde, Patrick and Renard, Yves},
 year={2008},
 pages={629--646}
}

%DOI: 10.1002/nme.2781
@article{Shen09,
author = {Yongxing Shen and Adrian Lew},
title = {An optimally convergent discontinuous Galerkin-based extended finite element method for fracture mechanics},
journal = {International Journal for Numerical Methods in Engineering},
volume = {82},
number = {6},
pages = {716--755},
month = {May},
year = {2009},
}
